 @misc{dewiki:247237013,
	author = {Wikipedia},
	title = {Robert Andrews Millikan --- Wikipedia, die freie Enzyklop√§die},
	year = {2024},
	url = {https://de.wikipedia.org/w/index.php?title=Robert_Andrews_Millikan&oldid=249265456},
	note = {Abgerufen am 13. Oktober 2024}
}

@BOOK{fundamentum_mathe,
	author = {DMK, DPK},
	title    = {Fundamentum Mathematik und Physik: Formeln, Begriffe, Tabellen f{\"u}r die Sekundarstufen {I} und {II}},
	publisher = {Orell Fuessli},
	year     =  {2021},
	language = {de}
}

@manual{instructionManual,
	author = {PASCO},
	title    = {Millikan Oil Drop Apparatus Instruction Manual},
	organization = {PASCO scientific},
	year     =  {2000},
	edition = {AP-8210A},
	language = {en}
}

@manual{instructionManualHalogen,
	author = {Sunny Bishop},
	title    = {Millikan Oil Drop Apparatus Instruction Manual},
	organization = {PASCO scientific},
	year     =  {2000},
	edition = {AP-8210},
	language = {en}
}

@misc{Inc_2024, title={User guide}, url={https://pandas.pydata.org/docs/user_guide/index.html}, journal={User Guide - pandas 2.2.3 documentation}, author={Inc, NumFOCUS}, year={2024}, note={Abgerufen am 03. Januar 2025}} 

 @misc{ wiki:xxx,
	author = "Wikimedia Commons",
	title = "File:Millikan-experiment-floating-simple.svg --- Wikimedia Commons{,} the free media repository",
	year = "2022",
	url = "https://commons.wikimedia.org/w/index.php?title=File:Millikan-experiment-floating-simple.svg&oldid=698327612",
	note = "Abgerufen am 08. Januar 2025, Lizenz: CC-BY-SA 4.0"
}

@misc{enwiki:1263773841,
	author = "{Wikipedia contributors}",
	title = "Quark --- {Wikipedia}{,} The Free Encyclopedia",
	year = "2024",
	url = "https://en.wikipedia.org/w/index.php?title=Quark&oldid=1263773841",
	note = "Abgerufen am 08. Januar 2025"
}

@misc{github_repo,
	author       = {ivo-bloechliger},
	title        = {matura-arbeit-vorlage-latex},
	year         = {2024},
	url = {https://github.com/techlabksbg/matura-arbeit-vorlage-latex},
	note         = {Abgerufen am 30. August 2024}
}

@article{PhysRevSeriesI.32.349,
	title = {The Isolation of an Ion, a Precision Measurement of its Charge, and the Correction of Stokes's Law},
	author = {Millikan, R. A.},
	journal = {Phys. Rev. (Series I)},
	volume = {32},
	issue = {4},
	pages = {349--397},
	numpages = {0},
	year = {1911},
	month = {Apr},
	publisher = {American Physical Society},
	doi = {10.1103/PhysRevSeriesI.32.349},
	url = {https://link.aps.org/doi/10.1103/PhysRevSeriesI.32.349},
	note = {\url{https://authors.library.caltech.edu/records/c4xaf-k2f12/files/MILpr11b.pdf?download=1}, Abgerufen am 10. Januar 2025}
}

@misc{lernhelferElementarladungPhysik,
	author = {Lernhelfer},
	title = {Elementarladung},
	url = {https://www.lernhelfer.de/schuelerlexikon/physik/artikel/elementarladung#},
	year = {2024},
	note = {Abgerufen am 13. Oktober 2024},
}

@misc{chatGPTMethodenBestimmung,
	author = {OpenAI},
	title = {ChatGPT 4.0},
	year = {2024},
	url = {https://chatgpt.com/},
	note = {Abgerufen am 13. Oktober 2024, Prompt: 2 weitere Methoden zur experimentellen Bestimmung der Elementarladung als der Millikan versuch},
}
